<record><leader>00000cas a22000007a 4500</leader><controlfield tag="001">19540306</controlfield><controlfield tag="008">890412c18879999mouwr ne      0    0eng d</controlfield><datafield ind1=" " ind2=" " tag="010"><subfield code="a">sn 89066467 </subfield></datafield><datafield ind1=" " ind2=" " tag="040"><subfield code="a">MQN</subfield><subfield code="b">eng</subfield><subfield code="c">MQN</subfield><subfield code="d">OCLCQ</subfield></datafield><datafield ind1=" " ind2=" " tag="042"><subfield code="a">msc</subfield></datafield><datafield ind1="0" ind2="0" tag="245"><subfield code="a">Sweet Springs herald.</subfield></datafield><datafield ind1=" " ind2=" " tag="260"><subfield code="a">Sweet Springs, Saline County, Mo. :</subfield><subfield code="b">A.W. Dickson</subfield></datafield><datafield ind1=" " ind2=" " tag="300"><subfield code="a">v.</subfield></datafield><datafield ind1=" " ind2=" " tag="310"><subfield code="a">Weekly</subfield></datafield><datafield ind1="1" ind2=" " tag="362"><subfield code="a">Began in 1887?</subfield></datafield><datafield ind1=" " ind2=" " tag="500"><subfield code="a">Name of town changed from Brownsville, Aug. 1, 1887.</subfield></datafield><datafield ind1=" " ind2=" " tag="588"><subfield code="a">Description based on: Vol. 30, no. 27 (May 27, 1904).</subfield></datafield><datafield ind1=" " ind2=" " tag="752"><subfield code="a">United States</subfield><subfield code="b">Missouri</subfield><subfield code="c">Saline</subfield><subfield code="d">Sweet Springs.</subfield></datafield><datafield ind1="0" ind2="0" tag="780"><subfield code="t">Brownsville herald (Brownsville, Mo.)</subfield><subfield code="w">(DLC)sn 86053916</subfield></datafield></record>